<?xml version="1.0" encoding="UTF-8"?><record xmlns="http://www.loc.gov/MARC21/slim" xmlns:cinclude="http://apache.org/cocoon/include/1.0" xmlns:zs="http://www.loc.gov/zing/srw/">
  <leader>00814cz  a2200193n  4500</leader>
  <controlfield tag="001">n  92090571 </controlfield>
  <controlfield tag="003">DLC</controlfield>
  <controlfield tag="005">20050630051050.0</controlfield>
  <controlfield tag="008">920910n| acannaab           |a aaa      </controlfield>
  <datafield tag="010" ind1=" " ind2=" ">
    <subfield code="a">n  92090571 </subfield>
    <subfield code="z">n  94018073 </subfield>
  </datafield>
  <datafield tag="035" ind1=" " ind2=" ">
    <subfield code="a">(Uk)002847393</subfield>
  </datafield>
  <datafield tag="040" ind1=" " ind2=" ">
    <subfield code="a">DLC</subfield>
    <subfield code="c">DLC</subfield>
    <subfield code="d">DLC</subfield>
    <subfield code="d">Uk</subfield>
  </datafield>
  <datafield tag="100" ind1="1" ind2=" ">
    <subfield code="a">Thorpe, I. J.</subfield>
  </datafield>
  <datafield tag="400" ind1="1" ind2=" ">
    <subfield code="a">Thorpe, Nick</subfield>
    <subfield code="q">(I. J.)</subfield>
  </datafield>
  <datafield tag="670" ind1=" " ind2=" ">
    <subfield code="a">James, P. Centuries of darkness, 1991:</subfield>
    <subfield code="b">t.p. (I.J. Thorpe) jkt. (Ph.D. in prehistoric Britain, Reading Univ.)</subfield>
  </datafield>
  <datafield tag="670" ind1=" " ind2=" ">
    <subfield code="a">The origins of agriculture in Europe, 1996:</subfield>
    <subfield code="b">CIP t.p. (I.J. Thorpe) pub. info. (Nick Thorpe)</subfield>
  </datafield>
  <datafield tag="670" ind1=" " ind2=" ">
    <subfield code="a">Ancient mysteries, 1998:</subfield>
    <subfield code="b">CIP t.p. (Nick Thorpe) author bio. (archeologist in prehistory)</subfield>
  </datafield>
  <datafield tag="670" ind1=" " ind2=" ">
    <subfield code="a">BL Web OPAC, June 12, 2002</subfield>
    <subfield code="b">(Thorpe, I. J.)</subfield>
  </datafield>
  <datafield tag="670" ind1=" " ind2=" ">
    <subfield code="a">Warfare, violence and slavery in prehistory, 2005:</subfield>
    <subfield code="b">t.p. (I.J.N. Thorpe)</subfield>
  </datafield>
</record>